%
%  Vzor bibliografické databáze pro automatickou tvorbu seznamu referencí
%  pomocí BibTeXu
%
%  Doporučený software pro správu databáze literatury formátu *.bib:
%    JabRef, http://jabref.sourceforge.net/
%
%  POZOR:
%
%    *  Písmena v názvech publikací, jež je třeba tisknout vždy velká, se musejí psát
%       do složených závorek ({T}hailand, {HIV})
%
%  ===========================================================================

@techreport{EWD61,
	author = "Edsger W. Dijkstra",
	title = "Algol 60 translation : {A}n {A}lgol 60 translator for the x1 and {M}aking a translator for {A}lgol 60",
	year = "1961",
	institution = "Mathematisch Centrum, Amsterdam [online]",
	number = 35,
	url = "http://www.cs.utexas.edu/users/EWD/MCReps/MR35.PDF",
	note = "[cit 2019-17-5]",
	fileSize = 1032 KB
}
@manual{Bisection-method,
	title={Bisection method},
	url={https://en.wikipedia.org/wiki/Bisection_method},
	journal={Wikipedia},
	author={kolektiv},
	organization={Wikimedia Foundation [online]},
	year="2019",
	month="Apr",
	note = "[cit 2019-17-5]"
}

@manual{Stleary15,
	author = {Sean Leary},
	title = {JSON-java},
	year = {2015},
	organization = {GitHub repository [Online]},
	url = {https://github.com/charlespwd/project-title},
	note = "[cit 2019-17-5]"
}
@manual{MFFUK15,
	author = "Mareš Martin and Komárek Arnošt and Kulich Michal",
	title = {Šablona LaTeX},
	year = {2015},
	organization = {MFF UK [online]},
	url = {https://www.mff.cuni.cz/cs/studenti/bakalarske-studium/statni-zaverecne-zkousky/bakalarske-prace},
	note = "[cit 2019-17-5]"
}

